FN Clarivate Analytics Web of Science
VR 1.0
PT J
AU Tobler, Ray
   Hermisson, Joachim
   Schloetterer, Christian
TI Parallel trait adaptation across opposing thermal environments in
   experimental Drosophila melanogaster populations
SO EVOLUTION
VL 69
IS 7
BP 1745
EP 1759
DI 10.1111/evo.12705
PD JUL 2015
PY 2015
RI Tobler, Ray/AAE-6745-2020; Schlotterer, Christian/Q-5264-2019; Schlotterer, Christian/G-6326-2010; Tobler, Ray/
OI Schlotterer, Christian/0000-0003-4710-6526; Schlotterer,
   Christian/0000-0003-4710-6526; Tobler, Ray/0000-0002-4603-1473
Z8 0
ZS 0
TC 18
ZR 2
ZB 16
ZA 0
Z9 18
SN 0014-3820
EI 1558-5646
UT WOS:000358503800008
PM 26080903
ER

PT J
AU Bozinovic, Francisco
   Medina, Nadia R.
   Alruiz, Jose M.
   Cavieres, Grisel
   Sabat, Pablo
TI Thermal tolerance and survival responses to scenarios of experimental
   climatic change: changing thermal variability reduces the heat and cold
   tolerance in a fly
SO JOURNAL OF COMPARATIVE PHYSIOLOGY B-BIOCHEMICAL SYSTEMS AND
   ENVIRONMENTAL PHYSIOLOGY
VL 186
IS 5
BP 581
EP 587
DI 10.1007/s00360-016-0980-6
PD JUL 2016
PY 2016
OI Alruiz, Jose/0000-0002-5090-4134; Cavieres, Grisel/0000-0003-4230-2923
ZB 23
ZR 0
Z8 0
ZA 0
ZS 0
TC 24
Z9 24
SN 0174-1578
EI 1432-136X
UT WOS:000378572700004
PM 27003422
ER

PT J
AU D'Aleo, Francesco Paolo
   Prasser, Horst-Michael
TI Design, calibration and testing of a thin film temperature gauge array
   for temperature and heat flux measurements in fluid mixing experiments
SO FLOW MEASUREMENT AND INSTRUMENTATION
VL 24
BP 29
EP 35
DI 10.1016/j.flowmeasinst.2012.03.002
PD APR 2012
PY 2012
ZS 0
ZB 0
ZR 0
ZA 0
TC 8
Z8 0
Z9 8
SN 0955-5986
EI 1873-6998
UT WOS:000305310000005
ER

PT J
AU Lampret, Ziga
   Krese, Gorazd
   Butala, Vincenc
   Prek, Matjaz
TI Impact of airflow temperature fluctuations on the perception of draught
SO ENERGY AND BUILDINGS
VL 179
BP 112
EP 120
DI 10.1016/j.enbuild.2018.09.014
PD NOV 15 2018
PY 2018
TC 2
ZB 0
ZA 0
ZR 0
ZS 0
Z8 0
Z9 2
SN 0378-7788
EI 1872-6178
UT WOS:000449901000011
ER

PT B
AU Yang, Tao
   Nie, Baisheng
   Chen, Xuexi
   Chen, Peng
BE Mitri, H
   Shnorhokian, S
   Kumral, M
   Sasmito, A
   Sainoki, A
TI Temperature Variation of Coal during the Gas Adsorption Process
SO OPERATIONAL AND ENVIRONMENTAL MINE HEALTH AND SAFETY PRACTICE AND
   INNOVATION
BP 520
EP 526
PD 2016
PY 2016
CT 3rd International Symposium on Mine Safety Science and Engineering
   (ISMS)
CY AUG 13-19, 2016
CL McGill Univ, Montreal, CANADA
HO McGill Univ
SP Henan Polytechn Univ; Univ Sci & Technol Beijing; China Univ Min &
   Technol
TC 0
ZA 0
ZR 0
ZS 0
ZB 0
Z8 0
Z9 0
BN 978-1-77247-005-5
UT WOS:000410525800089
ER

PT J
AU Sulgani, Mohsen Tahmasebi
   Karimipour, Arash
TI Improve the thermal conductivity of 10w40-engine oil at various
   temperature by addition of Al2O3/Fe2O3 nanoparticles
SO JOURNAL OF MOLECULAR LIQUIDS
VL 283
BP 660
EP 666
DI 10.1016/j.molliq.2019.03.140
PD JUN 1 2019
PY 2019
RI Karimipour, Arash/A-3478-2019
OI Karimipour, Arash/0000-0001-7596-7134
ZR 0
Z8 0
ZA 0
ZS 0
TC 23
ZB 0
Z9 23
SN 0167-7322
EI 1873-3166
UT WOS:000468709300072
ER

PT J
AU Kellermann, Vanessa
   Hoffmann, Ary A.
   Kristensen, Torsten Nygaard
   Moghadam, Neda Nasiri
   Loeschcke, Volker
TI Experimental Evolution under Fluctuating Thermal Conditions Does Not
   Reproduce Patterns of Adaptive Clinal Differentiation in Drosophila
   melanogaster
SO AMERICAN NATURALIST
VL 186
IS 5
BP 582
EP 593
DI 10.1086/683252
PD NOV 2015
PY 2015
RI Hoffmann, Ary/C-2961-2011; Kristensen, Torsten N/C-5031-2015; Loeschcke, Volker/J-2527-2013; Hoffmann, Ary/R-2972-2019; nasiri, neda/; Kellermann, Vanessa/
OI Kristensen, Torsten N/0000-0001-6204-8753; Loeschcke,
   Volker/0000-0003-1450-0754; Hoffmann, Ary/0000-0001-9497-7645; nasiri,
   neda/0000-0001-7641-9113; Kellermann, Vanessa/0000-0002-9859-9642
Z8 1
ZR 0
ZS 0
ZB 17
ZA 0
TC 18
Z9 18
SN 0003-0147
EI 1537-5323
UT WOS:000363928900005
PM 26655772
ER

PT J
AU Sa, Ana Briga
   Boaventura-Cunha, Jose
   Lanzinha, Joao-Carlos
   Paiva, Anabela
TI An experimental analysis of the Trombe wall temperature fluctuations for
   high range climate conditions: Influence of ventilation openings and
   shading devices
SO ENERGY AND BUILDINGS
VL 138
BP 546
EP 558
DI 10.1016/j.enbuild.2016.12.085
PD MAR 1 2017
PY 2017
RI Cunha, Jose/E-6174-2012; Briga-Sa, Ana/J-6882-2013; Paiva, Anabela/E-6615-2019; Lanzinha, Joao/B-6803-2014
OI Cunha, Jose/0000-0002-8406-0064; Briga-Sa, Ana/0000-0002-4451-0446;
   Paiva, Anabela/0000-0003-0862-892X; Lanzinha, Joao/0000-0001-8187-6685
TC 17
ZR 0
ZA 0
Z8 0
ZB 0
ZS 0
Z9 17
SN 0378-7788
EI 1872-6178
UT WOS:000394061200048
ER

PT J
AU Kuznik, Frederic
   Virgone, Joseph
   Roux, Jean-Jacques
TI Energetic efficiency of room wall containing PCM wallboard: A full-scale
   experimental investigation
SO ENERGY AND BUILDINGS
VL 40
IS 2
BP 148
EP 156
DI 10.1016/j.enbuild.2007.01.022
PD 2008
PY 2008
OI KUZNIK, Frederic/0000-0001-5724-1823
TC 169
ZB 0
ZR 0
Z8 9
ZS 1
ZA 0
Z9 176
SN 0378-7788
UT WOS:000252344700009
ER

PT J
AU Nodland, E
   Libnau, FO
   Kvalheim, OM
TI Resolution of infrared profiles from variable temperature experiments on
   mixtures and conformers in rapid equilibrium by compensating for thermal
   and solvent effects
SO VIBRATIONAL SPECTROSCOPY
VL 12
IS 2
BP 163
EP 176
DI 10.1016/0924-2031(96)00017-3
PD OCT 1996
PY 1996
Z8 0
TC 7
ZS 0
ZR 0
ZB 0
Z9 7
SN 0924-2031
UT WOS:A1996VG80300001
ER

PT J
AU Ishchuk, I. N.
TI Identification of the thermal properties of materials using methods of
   the calculus of variations
SO MEASUREMENT TECHNIQUES
VL 50
IS 7
BP 742
EP 746
DI 10.1007/s11018-007-0142-z
PD JUL 2007
PY 2007
OI Ishchuk, Igor/0000-0002-8140-3746
TC 1
ZS 0
ZR 1
Z8 0
ZA 0
ZB 0
Z9 2
SN 0543-1972
EI 1573-8906
UT WOS:000250135000010
ER

PT J
AU Cho, Soo-Yong
   Jung, Yang-Beom
   Cho, Chong-Hyun
TI Experimental Study on the Organic Rankine Cycle for Recovering Waste
   Thermal Energy
SO INTERNATIONAL JOURNAL OF RENEWABLE ENERGY RESEARCH
VL 8
IS 1
BP 120
EP 128
PD 2018
PY 2018
ZR 0
ZS 0
ZB 0
ZA 0
TC 2
Z8 0
Z9 2
SN 1309-0127
UT WOS:000429607600013
ER

PT J
AU Huang, Li
   Ouyang, Qin
   Zhu, Yingxin
TI Perceptible airflow fluctuation frequency and human thermal response
SO BUILDING AND ENVIRONMENT
VL 54
BP 14
EP 19
DI 10.1016/j.buildenv.2012.02.004
PD AUG 2012
PY 2012
RI Yingxin, Zhu/D-3613-2014
ZA 0
ZS 0
Z8 0
ZB 0
ZR 0
TC 31
Z9 31
SN 0360-1323
EI 1873-684X
UT WOS:000303225400002
ER

PT J
AU Silvani, Xavier
   Morandini, Frederic
   Muzy, Jean-Francois
TI Wildfire spread experiments: Fluctuations in thermal measurements
SO INTERNATIONAL COMMUNICATIONS IN HEAT AND MASS TRANSFER
VL 36
IS 9
BP 887
EP 892
DI 10.1016/j.icheatmasstransfer.2009.06.008
PD NOV 2009
PY 2009
RI Silvani, Xavier/M-9625-2018; Muzy, Jean-Francois/
OI Silvani, Xavier/0000-0002-0387-1667; Muzy,
   Jean-Francois/0000-0003-0956-7874
ZA 0
TC 10
Z8 0
ZS 0
ZB 0
ZR 0
Z9 10
SN 0735-1933
UT WOS:000271334300001
ER

PT J
AU Chereches, Elena Ionela
   Minea, Alina Adriana
TI Electrical Conductivity of New Nanoparticle Enhanced Fluids: An
   Experimental Study
SO NANOMATERIALS
VL 9
IS 9
AR 1228
DI 10.3390/nano9091228
PD SEP 2019
PY 2019
RI Minea, Alina Adriana/C-7307-2009
OI Minea, Alina Adriana/0000-0002-2473-184X
Z8 0
TC 5
ZB 0
ZA 0
ZR 0
ZS 0
Z9 5
EI 2079-4991
UT WOS:000489101900045
PM 31470653
ER

PT J
AU Gao, K.
   Wang, P.
   Lu, T.
   Song, T.
TI Experimental investigation and numerical simulation for weakening the
   thermal fluctuations in a T-junction
SO ANNALS OF NUCLEAR ENERGY
VL 78
BP 180
EP 187
DI 10.1016/j.anucene.2015.01.001
PD APR 2015
PY 2015
ZA 0
ZR 0
TC 6
ZS 0
Z8 0
ZB 0
Z9 6
SN 0306-4549
UT WOS:000350779400022
ER

PT J
AU Lagouarde, JP
   Moreau, P
   Irvine, M
   Bonnefond, JM
   Voogt, JA
   Solliec, F
TI Airborne experimental measurements of the angular variations in surface
   temperature over urban areas: case study of Marseille (France)
SO REMOTE SENSING OF ENVIRONMENT
VL 93
IS 4
BP 443
EP 462
DI 10.1016/j.rse.2003.12.011
PD DEC 15 2004
PY 2004
OI Voogt, James/0000-0002-7975-0052
ZR 0
TC 73
ZA 0
ZS 0
ZB 21
Z8 7
Z9 78
SN 0034-4257
UT WOS:000225361100001
ER

PT J
AU Fragata, Ines
   Lopes-Cunha, Miguel
   Barbaro, Margarida
   Kellen, Barbara
   Lima, Margarida
   Faria, Goncalo S.
   Seabra, Sofia G.
   Santos, Mauro
   Simoes, Pedro
   Matos, Margarida
TI Keeping your options open: Maintenance of thermal plasticity during
   adaptation to a stable environment
SO EVOLUTION
VL 70
IS 1
BP 195
EP 206
DI 10.1111/evo.12828
PD JAN 2016
PY 2016
RI Santos, Mauro/A-8044-2008; Seabra, Sofia G/B-3808-2013; Simoes, Pedro/F-7220-2015; Fragata, Ines/I-9876-2014; Matos, Margarida/K-2365-2012; Reis, AlessanRSS/; Faria da Silva, Goncalo/
OI Santos, Mauro/0000-0002-6478-6570; Seabra, Sofia G/0000-0003-1413-2349;
   Simoes, Pedro/0000-0002-4253-1200; Fragata, Ines/0000-0001-6865-1510;
   Matos, Margarida/0000-0001-6998-5133; Reis,
   AlessanRSS/0000-0001-8486-7469; Faria da Silva,
   Goncalo/0000-0002-1511-8680
ZR 0
TC 16
ZS 0
Z8 0
ZB 16
ZA 0
Z9 16
SN 0014-3820
EI 1558-5646
UT WOS:000368249200016
PM 26626438
ER

PT S
AU Xu, Shimeng
   Ma, Runbo
   Du, Jianhua
   Liu, Junhong
   Jin, Qi
BE Sang, X
   Kim, YH
TI Orthogonal experiment analysis of mechanical thermal conductivity on
   multi-component fillers
SO MATERIALS PROCESSING AND MANUFACTURING III, PTS 1-4
SE Advanced Materials Research
VL 753-755
BP 2379
EP +
DI 10.4028/www.scientific.net/AMR.753-755.2379
PD 2013
PY 2013
CT 3rd International Conference on Advanced Engineering Materials and
   Technology (AEMT 2013)
CY MAY 11-12, 2013
CL Zhangjiajie, PEOPLES R CHINA
SP Hebei Prov Key Lab Inorgan Nonmetall Mat; Korea Maritime Univ
ZB 0
ZR 0
Z8 0
ZS 0
ZA 0
TC 0
Z9 0
SN 1022-6680
BN 978-3-03785-764-9
UT WOS:000336944701153
ER

PT B
AU Fukuoka, Toshimichi
   Nomura, Masataka
   Hirai, Takao
BE Duan, XJ
   Reinhardt, W
   Kobayashi, T
TI Experimental Verification of Finite Element Approach for Designing
   Robust Bolted Joints Using Titanium and Titanium Alloy Bolts at Elevated
   Temperature
SO ASME PRESSURE VESSELS AND PIPING CONFERENCE - 2014, VOL 2
AR V002T02A024
PD 2014
PY 2014
CT ASME 2014 Pressure Vessels and Piping Conference (PVP-2014)
CY JUL 20-24, 2014
CL Anaheim, CA
SP ASME, Pressure Vessels & Pip Div
ZB 0
ZS 0
ZR 0
Z8 0
TC 0
Z9 0
BN 978-0-7918-4599-8
UT WOS:000380177500024
ER

PT J
AU Rajpurohit, S.
   Hanus, R.
   Vrkoslav, V.
   Behrman, E. L.
   Bergland, A. O.
   Petrov, D.
   Cvacka, J.
   Schmidt, P. S.
TI Adaptive dynamics of cuticular hydrocarbons in Drosophila
SO JOURNAL OF EVOLUTIONARY BIOLOGY
VL 30
IS 1
BP 66
EP 80
DI 10.1111/jeb.12988
PD JAN 2017
PY 2017
RI Rajpurohit, Subhash/O-9912-2018; Vrkoslav, Vladimir/B-2146-2012; Hanus, Robert/D-4765-2013; Cvacka, Josef/ABC-4738-2020; Cvacka, Josef/AAQ-1704-2020
OI Rajpurohit, Subhash/0000-0001-9149-391X; Hanus,
   Robert/0000-0002-7054-1975; Cvacka, Josef/0000-0002-3590-9009; 
ZA 0
Z8 2
TC 30
ZB 28
ZR 0
ZS 0
Z9 30
SN 1010-061X
EI 1420-9101
UT WOS:000394852200006
PM 27718537
ER

PT J
AU Belyaev, I. A.
   Biryukov, D. A.
   Pyatnitskaya, N. Yu
   Razuvanov, N. G.
   Sviridov, V. G.
TI Temperature fluctuations accompanying MHD heat transfer of liquid metal
   downflow in a pipe
SO FLUID DYNAMICS RESEARCH
VL 50
IS 5
AR 051403
DI 10.1088/1873-7005/aaafde
PD OCT 2018
PY 2018
RI Belyaev, Ivan/A-6246-2014
OI Belyaev, Ivan/0000-0002-6397-3251
TC 4
ZB 0
Z8 0
ZA 0
ZR 0
ZS 0
Z9 4
SN 0169-5983
EI 1873-7005
UT WOS:000439385600003
ER

PT J
AU Saarinen, Kati
   Laakso, Jouni
   Lindstrom, Leena
   Ketola, Tarmo
TI Adaptation to fluctuations in temperature by nine species of bacteria
SO ECOLOGY AND EVOLUTION
VL 8
IS 5
BP 2901
EP 2910
DI 10.1002/ece3.3823
PD MAR 2018
PY 2018
RI Ketola, Tarmo/AAD-2609-2019; Lindstrom, Leena/B-2326-2012; Laakso, Jouni/I-7794-2013
OI Ketola, Tarmo/0000-0001-5151-7980; Lindstrom, Leena/0000-0002-6452-4538;
   Laakso, Jouni/0000-0001-8245-9912
Z8 0
ZS 0
TC 10
ZR 0
ZB 7
ZA 0
Z9 10
SN 2045-7758
UT WOS:000426725900044
PM 29531704
ER

PT J
AU Wang, Yingying
   Huang, Jinjin
   Wang, Dengjia
   Liu, Yanfeng
   Zhao, Zejiao
   Liu, Jiaping
TI Experimental investigation on thermal conductivity of
   aerogel-incorporated concrete under various hygrothermal environment
SO ENERGY
VL 188
AR 115999
DI 10.1016/j.energy.2019.115999
PD DEC 1 2019
PY 2019
Z8 0
ZS 0
TC 2
ZB 0
ZA 0
ZR 0
Z9 2
SN 0360-5442
EI 1873-6785
UT WOS:000505271100013
ER

PT J
AU Imura, Keiichiro
   Matsubayashi, Kazuyuki
   Suzuki, Hiroyuki S.
   Kabeya, Noriyuki
   Deguchi, Kazuhiko
   Sato, Noriaki K.
TI Pressure-Temperature Phase Diagram of Golden SmS
SO JOURNAL OF THE PHYSICAL SOCIETY OF JAPAN
VL 78
IS 10
AR 104602
DI 10.1143/JPSJ.78.104602
PD OCT 2009
PY 2009
RI DEGUCHI, Kazuhiko/I-7175-2014; Matsubayashi, Kazuyuki/F-7696-2013
OI DEGUCHI, Kazuhiko/0000-0002-6749-9825; 
ZR 0
Z8 0
ZA 0
TC 11
ZS 0
ZB 0
Z9 11
SN 0031-9015
UT WOS:000271208500017
ER

PT J
AU Rossi, F.
   Nicolini, A.
TI A Cylindrical Small Size Molten Carbonate Fuel Cell: Experimental
   Investigation on Materials and Improving Performance Solutions
SO FUEL CELLS
VL 9
IS 2
BP 170
EP 177
DI 10.1002/fuce.200800064
PD APR 2009
PY 2009
RI Nicolini, Andrea/D-3718-2011; Rossi, Federico/
OI Nicolini, Andrea/0000-0003-4026-0563; Rossi,
   Federico/0000-0001-8293-9457
ZR 0
ZB 2
TC 20
ZS 0
Z8 0
ZA 0
Z9 20
SN 1615-6846
EI 1615-6854
UT WOS:000265796900010
ER

PT J
AU Mendez, M. A.
   Correa-Solis, M.
TI Divergence in morphometric and life history traits in two thermally
   contrasting Andean populations of Rhinella spinulosa (Anura: Bufonidae)
SO JOURNAL OF THERMAL BIOLOGY
VL 34
IS 7
BP 342
EP 347
DI 10.1016/j.jtherbio.2009.06.006
PD OCT 2009
PY 2009
RI Mendez, Marco A/N-1919-2017; Mendez, Marco A/B-1912-2014
OI Mendez, Marco A/0000-0001-6041-4617; Mendez, Marco A/0000-0001-6041-4617
ZS 2
TC 6
Z8 0
ZR 0
ZB 6
ZA 0
Z9 6
SN 0306-4565
UT WOS:000271441200004
ER

PT S
AU Shu, Weicheng
   Wang, Jiawen
   Zhang, Xinfeng
   Luo, Xiaobing
GP ASME
TI A STATISTICAL STUDY TO EVALUATE THE PERFORMANCE OF LIQUID COOLING
   GARMENTS CONSIDERING THERMAL COMFORT
SO PROCEEDINGS OF THE ASME INTERNATIONAL TECHNICAL CONFERENCE AND
   EXHIBITION ON PACKAGING AND INTEGRATION OF ELECTRONIC AND PHOTONIC
   MICROSYSTEMS, 2019
SE Proceedings of the ASME International Technical Conference and
   Exhibition on Packaging and Integration of Electronic and Photonic
   Microsystems
AR V001T07A001
PD 2020
PY 2020
CT ASME International Technical Conference and Exhibition on Packaging and
   Integration of Electronic and Photonic Microsystems
CY OCT 07-09, 2019
CL Anaheim, CA
SP ASME
ZS 0
ZR 0
ZB 0
ZA 0
Z8 0
TC 0
Z9 0
SN 2378-8267
BN 978-0-7918-5932-2
UT WOS:000518236000074
ER

PT J
AU Tsydenov, Bair O.
   Starchenko, Alexander V.
   Kay, Anthony
TI The effects of wind and diurnal variability of surface heat fluxes on
   riverine thermal bar dynamics: a numerical experiment
SO INLAND WATERS
VL 8
IS 3
BP 322
EP 328
DI 10.1080/20442041.2018.1481667
PD 2018
PY 2018
RI Tsydenov, Bair O/A-7137-2016
ZB 1
ZS 0
ZR 0
ZA 0
TC 2
Z8 0
Z9 2
SN 2044-2041
EI 2044-205X
UT WOS:000456214100007
ER

PT J
AU Takahashi, F
   Hamada, Y
   Hatta, I
TI Measurement of thermal diffusivity in a sample with a certain thickness
   by an ac-calorimetric distance-variation method: IV. Requirements for
   measuring by spot heating
SO JAPANESE JOURNAL OF APPLIED PHYSICS PART 1-REGULAR PAPERS SHORT NOTES &
   REVIEW PAPERS
VL 43
IS 8A
BP 5604
EP 5608
DI 10.1143/JJAP.43.5604
PD AUG 2004
PY 2004
TC 1
ZS 0
Z8 0
ZB 0
ZR 0
ZA 0
Z9 1
SN 0021-4922
UT WOS:000224841400104
ER

PT J
AU Etrati, Ali
   Assadian, Elsa
   Bhiladvala, Rustom B.
TI Analyzing guard-heating to enable accurate hot-film wall shear stress
   measurements for turbulent flows
SO INTERNATIONAL JOURNAL OF HEAT AND MASS TRANSFER
VL 70
BP 835
EP 843
DI 10.1016/j.ijheatmasstransfer.2013.11.069
PD MAR 2014
PY 2014
RI Bhiladvala, Rustom/I-1462-2013
OI Bhiladvala, Rustom/0000-0001-5165-1741
ZA 0
ZB 0
TC 7
Z8 1
ZS 0
ZR 0
Z9 7
SN 0017-9310
EI 1879-2189
UT WOS:000330814800082
ER

PT J
AU Cao, Qiong
   Li, Hongyuan
   Lu, Daogang
   Chang, Mu
TI Temperature fluctuation caused by coaxial-jet flow: Experiments on the
   effect of the velocity ratio R >= 1
SO NUCLEAR ENGINEERING AND DESIGN
VL 314
BP 142
EP 149
DI 10.1016/j.nucengdes.2017.01.021
PD APR 1 2017
PY 2017
ZA 0
TC 0
ZR 0
Z8 0
ZB 0
ZS 0
Z9 0
SN 0029-5493
EI 1872-759X
UT WOS:000396947800012
ER

PT J
AU Adrian, Gregory J.
   Czarnoleski, Marcin
   Angilletta, Michael J., Jr.
TI Flies evolved small bodies and cells at high or fluctuating temperatures
SO ECOLOGY AND EVOLUTION
VL 6
IS 22
BP 7991
EP 7996
DI 10.1002/ece3.2534
PD NOV 2016
PY 2016
RI Czarnoleski, Marcin/H-2893-2015
OI Czarnoleski, Marcin/0000-0003-2645-0360
TC 11
ZS 0
Z8 0
ZR 0
ZA 0
ZB 10
Z9 11
SN 2045-7758
UT WOS:000387664500005
PM 27878071
ER

PT J
AU Kuznik, Frederic
   Virgone, Joseph
TI Experimental assessment of a phase change material for wall building use
SO APPLIED ENERGY
VL 86
IS 10
BP 2038
EP 2046
DI 10.1016/j.apenergy.2009.01.004
PD OCT 2009
PY 2009
OI KUZNIK, Frederic/0000-0001-5724-1823
ZA 0
TC 226
ZR 1
Z8 13
ZS 1
ZB 2
Z9 237
SN 0306-2619
EI 1872-9118
UT WOS:000266129100023
ER

PT J
AU Laborda, Eduardo
   Suwatchara, Danu
   Rees, Neil V.
   Henstridge, Martin C.
   Molina, Angela
   Compton, Richard G.
TI Variable temperature study of electro-reduction of 3-nitrophenolate via
   cyclic and square wave voltammetry: Molecular insights Into electron
   transfer processes based on the asymmetric Marcus-Hush model
SO ELECTROCHIMICA ACTA
VL 110
SI SI
BP 772
EP 779
DI 10.1016/j.electacta.2012.12.129
PD NOV 1 2013
PY 2013
RI Laborda, Eduardo/B-3114-2017; Molina, Angela/H-4164-2017; Rees, Neil/
OI Laborda, Eduardo/0000-0002-2997-4066; Molina,
   Angela/0000-0002-9661-1660; Rees, Neil/0000-0002-5721-1453
TC 12
ZB 0
Z8 0
ZS 0
ZA 0
ZR 0
Z9 12
SN 0013-4686
EI 1873-3859
UT WOS:000329530300097
ER

PT J
AU Kremp, Anke
   Godhe, Anna
   Egardt, Jenny
   Dupont, Sam
   Suikkanen, Sanna
   Casabianca, Silvia
   Penna, Antonella
TI Intraspecific variability in the response of bloom-forming marine
   microalgae to changed climate conditions
SO ECOLOGY AND EVOLUTION
VL 2
IS 6
BP 1195
EP 1207
DI 10.1002/ece3.245
PD JUN 2012
PY 2012
RI Kremp, Anke/I-8139-2013; Dupont, Sam T/F-5527-2013; Suikkanen, Sanna/; CASABIANCA, Silvia/
OI Suikkanen, Sanna/0000-0002-0768-8149; CASABIANCA,
   Silvia/0000-0003-2670-5423
ZS 0
Z8 1
ZR 0
ZA 0
TC 100
ZB 92
Z9 102
SN 2045-7758
UT WOS:000312447900009
PM 22833794
ER

PT J
AU Asbury, Dee A.
   Adolph, Stephen C.
TI Behavioural plasticity in an ecological generalist: microhabitat use by
   western fence lizards
SO EVOLUTIONARY ECOLOGY RESEARCH
VL 9
IS 5
BP 801
EP 815
PD JUL 2007
PY 2007
ZA 0
ZB 13
TC 13
Z8 0
ZR 0
ZS 0
Z9 15
SN 1522-0613
UT WOS:000248192000005
ER

PT B
AU Amokrane, Mounir
   Baysse, Arnaud
   Nogarede, Bertrand
   Rguiti, Mohamed
GP IEEE
TI Pyroelectric power harvesting using a lead-lanthanum-zirconate-titanate
   (7/60/40 PLZT) pyroelectric cell
SO 2013 IEEE 11TH INTERNATIONAL WORKSHOP OF ELECTRONICS, CONTROL,
   MEASUREMENT, SIGNALS AND THEIR APPLICATION TO MECHATRONICS (ECMSM)
PD 2013
PY 2013
CT 11th IEEE International Workshop of Electronics, Control, Measurement,
   Signals and their Application to Mechatronics (ECMSM)
CY JUN 24-26, 2013
CL ENSEEIHT Engn Sch, Toulouse, FRANCE
HO ENSEEIHT Engn Sch
SP IEEE
TC 0
ZA 0
ZS 0
ZB 0
Z8 0
ZR 0
Z9 0
BN 978-1-4673-6298-6
UT WOS:000363814700041
ER

PT J
AU Bharadwaj, Pallavi
   John, Vinod
TI Linearised model for PV panel power output variation with changes in
   ambient conditions
SO SADHANA-ACADEMY PROCEEDINGS IN ENGINEERING SCIENCES
VL 42
IS 12
BP 2183
EP 2187
DI 10.1007/s12046-017-0726-5
PD DEC 2017
PY 2017
OI Bharadwaj, Pallavi/0000-0001-8263-5875
ZR 0
TC 4
Z8 0
ZB 0
ZA 0
ZS 0
Z9 4
SN 0256-2499
EI 0973-7677
UT WOS:000417722100015
ER

PT J
AU Jallet, Arthur J.
   Le Rouzic, Arnaud
   Genissel, Anne
TI Evolution and Plasticity of the Transcriptome Under Temperature
   Fluctuations in the Fungal Plant PathogenZymoseptoria tritici
SO FRONTIERS IN MICROBIOLOGY
VL 11
AR 573829
DI 10.3389/fmicb.2020.573829
PD SEP 11 2020
PY 2020
OI JALLET, Arthur/0000-0003-0709-2430
ZB 0
TC 0
Z8 0
ZS 0
ZA 0
ZR 0
Z9 0
SN 1664-302X
UT WOS:000576161200001
PM 33042084
ER

PT J
AU Tyrrell, Nicholas L.
   Dommenget, Dietmar
   Frauen, Claudia
   Wales, Scott
   Rezny, Mike
TI The influence of global sea surface temperature variability on the
   large-scale land surface temperature
SO CLIMATE DYNAMICS
VL 44
IS 7-8
BP 2159
EP 2176
DI 10.1007/s00382-014-2332-0
PD APR 2015
PY 2015
RI Frauen, Claudia/A-3814-2012; Dommenget, Dietmar/B-9828-2011; Tyrrell, Nicholas/; Wales, Scott/
OI Frauen, Claudia/0000-0002-8615-5702; Dommenget,
   Dietmar/0000-0002-5129-7719; Tyrrell, Nicholas/0000-0003-4588-0147;
   Wales, Scott/0000-0002-0583-9601
ZA 0
ZR 0
TC 7
Z8 1
ZB 2
ZS 0
Z9 7
SN 0930-7575
EI 1432-0894
UT WOS:000351458300026
ER

PT J
AU Babu, M.
   Raj, Sachin S.
   Arasu, A. Valan
TI Experimental analysis on Linear Fresnel reflector solar concentrating
   hot water system with varying width reflectors
SO CASE STUDIES IN THERMAL ENGINEERING
VL 14
AR 100444
DI 10.1016/j.csite.2019.100444
PD SEP 2019
PY 2019
RI Arasu, Amirtham Valan/AAD-6991-2020
OI Arasu, Amirtham Valan/0000-0002-4169-1915
TC 0
ZB 0
ZS 0
Z8 0
ZA 0
ZR 0
Z9 0
SN 2214-157X
UT WOS:000487833400036
ER

PT J
AU Liu, Chang
   Xie, Jihui
   Wang, Yirong
   Shen, Bin
   Liu, Xiaoning
TI Distributed State Estimation for Networked Spacecraft Thermal
   Experiments Over Sensor Networks With Randomly Varying Transmission
   Delays
SO IEEE ACCESS
VL 6
BP 56658
EP 56665
DI 10.1109/ACCESS.2018.2872780
PD 2018
PY 2018
TC 3
ZB 0
ZR 0
ZS 0
Z8 0
ZA 0
Z9 3
SN 2169-3536
UT WOS:000448311400001
ER

PT J
AU St Juliana, J. R.
   Janzen, F. J.
TI Can natural phenotypic variances be estimated reliably under homogeneous
   laboratory conditions?
SO JOURNAL OF EVOLUTIONARY BIOLOGY
VL 20
IS 4
BP 1406
EP 1414
DI 10.1111/j.1420-9101.2007.01343.x
PD JUL 2007
PY 2007
Z8 0
TC 10
ZA 0
ZB 9
ZR 0
ZS 0
Z9 10
SN 1010-061X
EI 1420-9101
UT WOS:000248177600016
PM 17584235
ER

PT J
AU Duncan, A. B.
   Dusi, E.
   Jacob, F.
   Ramsayer, J.
   Hochberg, M. E.
   Kaltz, O.
TI Hot spots become cold spots: coevolution in variable temperature
   environments
SO JOURNAL OF EVOLUTIONARY BIOLOGY
VL 30
IS 1
BP 55
EP 65
DI 10.1111/jeb.12985
PD JAN 2017
PY 2017
Z8 0
ZA 0
ZB 7
ZS 0
TC 7
ZR 0
Z9 7
SN 1010-061X
EI 1420-9101
UT WOS:000394852200005
PM 27711983
ER

PT S
AU Vattikonda, Rakesh
   Wang, Wenping
   Cao, Yu
GP ACM
TI Modeling and minimization of PMOS NBTI effect for robust nanometer
   design
SO 43RD DESIGN AUTOMATION CONFERENCE, PROCEEDINGS 2006
SE Design Automation Conference DAC
BP 1047
EP +
DI 10.1109/DAC.2006.229436
PD 2006
PY 2006
CT 43rd Design Automation Conference
CY JUL 24-28, 2006
CL San Francisco, CA
SP ACM SIGDA; IEEE; CEDA; CASS; CANDE; EDC
RI Vattikonda, Rakesh/J-1393-2012
ZB 0
ZR 0
TC 232
ZS 0
ZA 0
Z8 3
Z9 234
SN 0738-100X
BN 1-59593-381-6
UT WOS:000240104100204
ER

PT J
AU Lv, Wenchao
   Li, Angui
   Ma, Jiangyan
   Cui, Haihang
   Zhang, Xin
   Zhang, Wenrong
   Guo, Yongzhen
TI Relative importance of certain factors affecting the thermal environment
   in subway stations based on field and orthogonal experiments
SO SUSTAINABLE CITIES AND SOCIETY
VL 56
AR 102107
DI 10.1016/j.scs.2020.102107
PD MAY 2020
PY 2020
OI lyu, wenchao/0000-0002-4574-4041
ZA 0
ZR 0
TC 2
Z8 0
ZB 0
ZS 0
Z9 2
SN 2210-6707
EI 2210-6715
UT WOS:000519788600033
ER

PT J
AU MacCarty, Nordica A.
   Bryden, Kenneth M.
TI A unified set of experimental data for cylindrical, natural draft,
   shielded, single pot, wood-fired cookstoves
SO ENERGY FOR SUSTAINABLE DEVELOPMENT
VL 26
BP 62
EP 71
DI 10.1016/j.esd.2015.03.004
PD JUN 2015
PY 2015
TC 5
ZB 1
ZR 0
ZS 0
ZA 0
Z8 0
Z9 5
SN 0973-0826
UT WOS:000355883300006
ER

PT J
AU Hallsson, L. R.
   Bjorklund, M.
TI Selection in a fluctuating environment leads to decreased genetic
   variation and facilitates the evolution of phenotypic plasticity
SO JOURNAL OF EVOLUTIONARY BIOLOGY
VL 25
IS 7
BP 1275
EP 1290
DI 10.1111/j.1420-9101.2012.02512.x
PD JUL 2012
PY 2012
ZS 0
ZA 0
ZR 0
TC 45
Z8 1
ZB 41
Z9 45
SN 1010-061X
EI 1420-9101
UT WOS:000305130800005
PM 22519748
ER

PT J
AU Ding, K. -L.
   Li, S. -Y.
   Yue, C. -T.
TI Carbon Isotopic Evidence for Oxidation of CH4 by TSR
SO ENERGY SOURCES PART A-RECOVERY UTILIZATION AND ENVIRONMENTAL EFFECTS
VL 33
IS 18
BP 1715
EP 1725
DI 10.1080/15567030903468551
PD 2011
PY 2011
RI ding, kangle/AAE-1519-2019; Ding, Kangle/
OI Ding, Kangle/0000-0002-9400-1930
ZR 0
TC 0
ZA 0
ZB 0
Z8 0
ZS 0
Z9 0
SN 1556-7036
UT WOS:000294456600008
ER

PT J
AU SCHULZE, GEW
   NAUJECK, TR
TI A GROWING 2D-SPHERULITE AND CALCULUS OF VARIATIONS .2. A 2D-SPHERULITE
   OF POLYPROPYLENE IN A LINEAR TEMPERATURE-FIELD
SO COLLOID AND POLYMER SCIENCE
VL 269
IS 7
BP 695
EP 703
DI 10.1007/BF00657407
PD JUL 1991
PY 1991
Z8 1
ZR 0
ZS 0
ZB 0
ZA 0
TC 13
Z9 14
SN 0303-402X
UT WOS:A1991FZ88800008
ER

PT J
AU Guo, Jun
   Wen, Hu
   Liu, Yin
   Jin, Yongfei
TI Data on analysis of temperature inversion during spontaneous combustion
   of coal
SO DATA IN BRIEF
VL 25
AR 104304
DI 10.1016/j.dib.2019.104304
PD AUG 2019
PY 2019
Z8 0
ZB 0
ZS 0
TC 3
ZR 0
ZA 0
Z9 3
SN 2352-3409
UT WOS:000495104500324
PM 31440550
ER

PT J
AU Abdolmaleki, L.
   Sadrameli, S. M.
   Pirvaram, A.
TI Application of environmental friendly and eutectic phase change
   materials for the efficiency enhancement of household freezers
SO RENEWABLE ENERGY
VL 145
BP 233
EP 241
DI 10.1016/j.renene.2019.06.035
PD JAN 2020
PY 2020
RI Sadrameli, Seyed Mojtaba/ABD-6126-2020
ZS 0
ZA 0
TC 3
ZR 0
ZB 0
Z8 0
Z9 3
SN 0960-1481
UT WOS:000494885700024
ER

PT J
AU Belyaev, Ivan
   Frick, Peter
   Razuvanov, Nikita
   Sviridov, Evgeniy
   Sviridov, Valentin
TI Temperature fluctuations in a nonisothermal mercury pipe flow affected
   by a strong transverse magnetic field
SO INTERNATIONAL JOURNAL OF HEAT AND MASS TRANSFER
VL 127
BP 566
EP 572
DI 10.1016/j.ijheatmasstransfer.2018.07.010
PN A
PD DEC 2018
PY 2018
RI Belyaev, Ivan/A-6246-2014; Frick, Peter/
OI Belyaev, Ivan/0000-0002-6397-3251; Frick, Peter/0000-0001-7156-1583
ZA 0
ZB 0
TC 5
ZS 0
Z8 0
ZR 0
Z9 5
SN 0017-9310
EI 1879-2189
UT WOS:000445994000057
ER

PT J
AU Chen, Dezhi
   Fang, Liwei
   Feng, Zhiyu
   Bai, Baodong
   Kwon, Byung-il
TI Study of thermal field on 1140 V/375 kW explosion-proof integrative
   motor
SO INTERNATIONAL JOURNAL OF APPLIED ELECTROMAGNETICS AND MECHANICS
VL 59
IS 2
BP 713
EP 720
DI 10.3233/JAE-171133
PD 2019
PY 2019
ZA 0
Z8 0
TC 0
ZR 0
ZS 0
ZB 0
Z9 0
SN 1383-5416
EI 1875-8800
UT WOS:000462267600035
ER

PT B
AU Biglari, Mojtaba
   Hamzehei, Mahdi
BE Vit, T
   Dancova, P
   Dvorak, V
TI Visualization Fluid Flow and Experimental Measurement of Temperature at
   Various Conditions in the Open Channels
SO EXPERIMENTAL FLUID MECHANICS 2006, PROCEEDINGS
BP 20
EP 29
PD 2006
PY 2006
CT International Conference on Experimental Fluid Mechanics
CY DEC 06-07, 2006
CL Liberec, CZECH REPUBLIC
SP Tech Univ Liberec, Dept Power Engn Equipment
Z8 0
ZB 0
TC 0
ZR 0
ZS 0
Z9 0
BN 978-80-7372-141-1
UT WOS:000264706000004
ER

PT S
AU Zhu Pi-kai
BE Yarlagadda, P
TI Experimental Study on Gas Explosive Limits Regularities under Coupling
   Effects of Temperature and Pressure
SO PROCEEDINGS OF THE 2016 4TH INTERNATIONAL CONFERENCE ON SENSORS,
   MECHATRONICS AND AUTOMATION (ICSMA 2016)
SE Advances in Intelligent Systems Research
VL 136
BP 28
EP 33
PD 2016
PY 2016
CT 4th International Conference on Sensors, Mechatronics and Automation
   (ICSMA)
CY NOV 12-13, 2016
CL Zhuhai, PEOPLES R CHINA
ZB 0
ZR 0
ZS 0
ZA 0
TC 0
Z8 0
Z9 0
SN 1951-6851
BN 978-94-6252-274-9
UT WOS:000392270700006
ER

PT J
AU Bernaerts, K
   Servaes, RD
   Kooyman, S
   Versyck, KJ
   Van Impe, JF
TI Optimal temperature input design for estimation of the Square Root model
   parameters: parameter accuracy and model validity restrictions
SO INTERNATIONAL JOURNAL OF FOOD MICROBIOLOGY
VL 73
IS 2-3
BP 145
EP 157
AR PII S0168-1605(01)00645-6
DI 10.1016/S0168-1605(01)00645-6
PD MAR 11 2002
PY 2002
CT 3rd International Conference on Predictive Modelling in Foods
CY SEP 12-15, 2000
CL LEUVEN, BELGIUM
OI Bernaerts, Kristel/0000-0001-6211-7042
Z8 0
TC 60
ZB 28
ZA 0
ZS 0
ZR 0
Z9 60
SN 0168-1605
EI 1879-3460
UT WOS:000174523900006
PM 11934023
ER

PT J
AU Pozio, E
   Marucci, G
   Casulli, A
   Sacchi, L
   Mukaratirwa, S
   Foggin, CM
   La Rosa, G
TI Trichinella papuae and Trichinella zimbabwensis induce infection in
   experimentally infected varans, caimans, pythons and turtles
SO PARASITOLOGY
VL 128
BP 333
EP 342
DI 10.1017/S0031182003004542
PN 3
PD MAR 2004
PY 2004
RI Mukaratirwa, Samson/AAT-7438-2020; Mukaratirwa, Samson/E-9752-2010; MARUCCI, GIANLUCA/O-2289-2015; CASULLI, ADRIANO/O-2278-2015; Casulli, Adriano/AAQ-6859-2020
OI Mukaratirwa, Samson/0000-0001-6843-1497; MARUCCI,
   GIANLUCA/0000-0003-1857-7062; CASULLI, ADRIANO/0000-0001-9183-7591;
   Casulli, Adriano/0000-0001-9183-7591
ZR 0
ZS 4
Z8 0
ZB 40
TC 46
ZA 0
Z9 51
SN 0031-1820
UT WOS:000220626400011
PM 15074882
ER

PT J
AU Carretero, AS
   Blanco, CC
   Gutierrez, AF
TI Application of derivative variable-angle synchronous scanning
   phosphorimetry in a microemulsion medium for the simultaneous
   determination of 2-naphthoxyacetic acid and 1-naphthalenacetamide
SO ANALYST
VL 122
IS 9
BP 925
EP 929
DI 10.1039/a700591a
PD SEP 1997
PY 1997
RI Carretero, Antonio Segura/B-6867-2014
OI Carretero, Antonio Segura/0000-0002-5564-5338
Z8 0
ZA 0
ZS 0
ZB 1
ZR 0
TC 6
Z9 6
SN 0003-2654
UT WOS:A1997XW82000012
ER

PT J
AU Wu, Mingqiang
   Shu, Gequn
   Chen, Rui
   Tian, Hua
   Wang, Xueying
   Wang, Yue
TI A new model based on adiabatic flame temperature for evaluation of the
   upper flammable limit of alkane-air-CO2 mixtures
SO JOURNAL OF HAZARDOUS MATERIALS
VL 344
BP 450
EP 457
DI 10.1016/j.jhazmat.2017.10.030
PD FEB 15 2018
PY 2018
RI Chen, Rui/A-2785-2010
OI Chen, Rui/0000-0003-0705-6739
Z8 1
ZS 0
ZA 0
ZR 1
TC 6
ZB 0
Z9 7
SN 0304-3894
EI 1873-3336
UT WOS:000423246700046
PM 29128824
ER

PT J
AU Conti, Bruno
   Bosio, Barbara
   McPhail, Stephen John
   Santoni, Francesca
   Pumiglia, Davide
   Arato, Elisabetta
TI A 2-D model for Intermediate Temperature Solid Oxide Fuel Cells
   Preliminarily Validated on Local Values
SO CATALYSTS
VL 9
IS 1
AR 36
DI 10.3390/catal9010036
PD JAN 2019
PY 2019
OI McPhail, Stephen J./0000-0003-3045-0945; ARATO,
   ELISABETTA/0000-0002-0481-2175; BOSIO, BARBARA/0000-0002-2397-1219
ZS 0
ZB 0
TC 7
Z8 0
ZA 0
ZR 0
Z9 7
EI 2073-4344
UT WOS:000459732000036
ER

PT J
AU Alhozaimy, Abdulrahman
   Hussain, Raja Rizwan
   Al-Zaid, Rajeh
   Al-Negheimish, Abdulaziz
TI Coupled effect of ambient high relative humidity and varying temperature
   marine environment on corrosion of reinforced concrete
SO CONSTRUCTION AND BUILDING MATERIALS
VL 28
IS 1
BP 670
EP 679
DI 10.1016/j.conbuildmat.2011.10.008
PD MAR 2012
PY 2012
RI Hussain, Raja Rizwan/C-7230-2011; Alhozaimy, Abdulrahma/E-7380-2014; Al-Negheimish, Abdulaziz/O-7430-2019
OI Hussain, Raja Rizwan/0000-0002-7871-8886; Alhozaimy,
   Abdulrahma/0000-0002-8681-0578; 
ZB 1
TC 32
ZA 0
ZR 0
Z8 1
ZS 0
Z9 33
SN 0950-0618
EI 1879-0526
UT WOS:000301156700087
ER

PT J
AU Suwatchara, Danu
   Rees, Neil V.
   Henstridge, Martin C.
   Laborda, Eduardo
   Compton, Richard G.
TI Molecular insights into electron transfer processes via variable
   temperature cyclic voltammetry. Application of the asymmetric
   Marcus-Hush model
SO JOURNAL OF ELECTROANALYTICAL CHEMISTRY
VL 685
BP 53
EP 62
DI 10.1016/j.jelechem.2012.09.005
PD OCT 1 2012
PY 2012
RI Laborda, Eduardo/B-3114-2017; Rees, Neil/
OI Laborda, Eduardo/0000-0002-2997-4066; Rees, Neil/0000-0002-5721-1453
ZA 0
TC 16
ZS 0
Z8 0
ZR 0
ZB 0
Z9 16
SN 1572-6657
EI 1873-2569
UT WOS:000311881300010
ER

PT J
AU Mara, Thierry A.
   Tarantola, Stefano
TI Application of Global Sensitivity Analysis of Model Output to Building
   Thermal Simulations
SO BUILDING SIMULATION
VL 1
IS 4
BP 290
EP 302
DI 10.1007/s12273-008-8129-5
PD DEC 2008
PY 2008
OI Mara, Thierry/0000-0001-6119-9365
Z8 2
ZB 2
TC 53
ZS 2
ZA 0
ZR 0
Z9 55
SN 1996-3599
EI 1996-8744
UT WOS:000207885700002
ER

PT J
AU Garcia-Penas, Alberto
   Gomez-Elvira, Jose M.
   de la Orden, Maria U.
   Cerrada, Maria L.
   Perez, Ernesto
TI Mesophase features in isotactic poly(propylene-co-1-heptene) copolymers
SO POLYMER INTERNATIONAL
VL 65
IS 5
BP 596
EP 604
DI 10.1002/pi.5099
PD MAY 2016
PY 2016
RI CERRADA, MARIA/E-9810-2016; GARCIA-PENAS, ALBERTO/E-9773-2013; GARCIA-PENAS, ALBERTO/S-4160-2019; Perez, Ernesto/G-3254-2016; de la Orden, M Ulagares/
OI CERRADA, MARIA/0000-0003-4261-0627; GARCIA-PENAS,
   ALBERTO/0000-0001-5707-0198; Perez, Ernesto/0000-0002-5144-9268; de la
   Orden, M Ulagares/0000-0002-7721-5216
ZA 0
Z8 1
TC 7
ZB 0
ZR 0
ZS 0
Z9 7
SN 0959-8103
EI 1097-0126
UT WOS:000373492800015
ER

PT J
AU Adityawarman, Yudi
   Kaneko, Arata
   Nakano, Koji
   Taniguchi, Naokazu
   Komai, Katsuaki
   Guo, Xinyu
   Gohda, Noriaki
TI Reciprocal sound transmission measurement of mean current and
   temperature variations in the central part (Aki-nada) of the Seto Inland
   Sea, Japan
SO JOURNAL OF OCEANOGRAPHY
VL 67
IS 2
BP 173
EP 182
DI 10.1007/s10872-011-0016-5
PD APR 2011
PY 2011
RI Guo, Xinyu/A-5835-2013; Kaneko, Arata/D-5641-2011; Taniguchi, Naokazu/R-9045-2017; Nakano, Koji/D-6655-2011; Guo, Xinyu/U-7013-2019
OI Guo, Xinyu/0000-0001-7381-9517; Kaneko, Arata/0000-0001-8331-9356;
   Taniguchi, Naokazu/0000-0001-8544-1830; Nakano,
   Koji/0000-0002-2040-4032; 
ZS 0
ZA 0
TC 15
Z8 1
ZB 2
ZR 0
Z9 15
SN 0916-8370
UT WOS:000290542900004
ER

PT J
AU Yi, Luo
   Wang Xiaodong
   Fan, Yang
TI Microfluidic chip made of COP (cyclo-olefin polymer) and comparion to
   PMMA (polymethylmethacrylate) microfluidic chip
SO JOURNAL OF MATERIALS PROCESSING TECHNOLOGY
VL 208
IS 1-3
BP 63
EP 69
DI 10.1016/j.jmatprotec.2007.12.146
PD NOV 21 2008
PY 2008
ZS 0
ZB 12
Z8 4
TC 49
ZA 0
ZR 0
Z9 53
SN 0924-0136
UT WOS:000260690500009
ER

PT J
AU Wang, Jin
   Li, Lihua
   Jiang, Husen
TI Effects of forming parameters on temperature in frictional stir
   incremental sheet forming
SO JOURNAL OF MECHANICAL SCIENCE AND TECHNOLOGY
VL 30
IS 5
BP 2163
EP 2169
DI 10.1007/s12206-016-0423-z
PD MAY 2016
PY 2016
TC 10
ZR 0
ZB 0
Z8 0
ZS 0
ZA 0
Z9 10
SN 1738-494X
EI 1976-3824
UT WOS:000377263200024
ER

PT J
AU Gao, Jiajia
   Yan, Tian
   Xu, Tao
   Ling, Ziye
   Wei, Gongda
   Xu, Xinhua
TI Development and experiment validation of
   variable-resistance-variable-capacitance dynamic simplified thermal
   models for shape-stabilized phase change material slab
SO APPLIED THERMAL ENGINEERING
VL 146
BP 364
EP 375
DI 10.1016/j.applthermaleng.2018.09.124
PD JAN 5 2019
PY 2019
RI YAN, T. H./AAE-5215-2019; Yan, T. H./G-5773-2010
OI YAN, T. H./0000-0003-3916-3926; Yan, T. H./0000-0003-3916-3926
ZR 0
ZB 0
ZS 0
Z8 0
ZA 0
TC 1
Z9 1
SN 1359-4311
UT WOS:000454465900036
ER

PT J
AU Bronikowski, AM
TI Experimental evidence for the adaptive evolution of growth rate in the
   garter snake Thamnophis elegans
SO EVOLUTION
VL 54
IS 5
BP 1760
EP 1767
PD OCT 2000
PY 2000
OI Bronikowski, Anne/0000-0001-6432-298X
ZS 2
ZB 114
Z8 1
TC 118
ZA 0
ZR 0
Z9 122
SN 0014-3820
EI 1558-5646
UT WOS:000165471000027
PM 11108602
ER

PT J
AU Carter, NEA
   Viles, HA
TI Experimental investigations into the interactions between moisture, rock
   surface temperatures and an epilithic lichen cover in the bioprotection
   of limestone
SO BUILDING AND ENVIRONMENT
VL 38
IS 9-10
BP 1225
EP 1234
DI 10.1016/S0360-1323(03)00079-9
PD SEP-OCT 2003
PY 2003
CT Annual meeting of the Stone-Weathering-and-Air-Pollution-Network
   (Swapnet)
CY APR 12-15, 2002
CL OXFORD, ENGLAND
SP Stone Weather Air pollut Net
OI Viles, Heather/0000-0002-2444-1295
TC 46
ZA 0
ZR 1
Z8 1
ZB 18
ZS 0
Z9 49
SN 0360-1323
UT WOS:000184670900015
ER

PT J
AU Maricau, Elie
   Gielen, Georges
TI Efficient Variability-Aware NBTI and Hot Carrier Circuit Reliability
   Analysis
SO IEEE TRANSACTIONS ON COMPUTER-AIDED DESIGN OF INTEGRATED CIRCUITS AND
   SYSTEMS
VL 29
IS 12
BP 1884
EP 1893
DI 10.1109/TCAD.2010.2062870
PD DEC 2010
PY 2010
RI Gielen, Georges GE/A-6725-2018
OI Gielen, Georges GE/0000-0002-4061-9428
ZB 0
TC 25
ZR 0
ZA 0
ZS 0
Z8 1
Z9 26
SN 0278-0070
EI 1937-4151
UT WOS:000284417400004
ER

PT J
AU Heine, S.
   Schmitt, W.
   Goerlitz, G.
   Schaeffer, A.
   Preuss, T. G.
TI Effects of light and temperature fluctuations on the growth of
   Myriophyllum spicatum in toxicity tests-a model-based analysis
SO ENVIRONMENTAL SCIENCE AND POLLUTION RESEARCH
VL 21
IS 16
BP 9644
EP 9654
DI 10.1007/s11356-014-2886-8
PD AUG 2014
PY 2014
RI Preuss, Thomas G. G/A-7926-2009; Schmitt, Walter/
OI Preuss, Thomas G. G/0000-0001-6249-6003; Schmitt,
   Walter/0000-0001-6983-6525
ZR 0
ZA 0
Z8 1
TC 3
ZS 0
ZB 3
Z9 4
SN 0944-1344
EI 1614-7499
UT WOS:000340613200022
PM 24764011
ER

PT B
AU Kolokolov, Yury
   Monovskaya, Anna
   Bagrov, Vladimir
GP IEEE
TI To Experimental Imitations of Evolutional Scenarios in Local Climate
   Dynamics
SO PROCEEDINGS OF THE 2019 10TH IEEE INTERNATIONAL CONFERENCE ON
   INTELLIGENT DATA ACQUISITION AND ADVANCED COMPUTING SYSTEMS - TECHNOLOGY
   AND APPLICATIONS (IDAACS), VOL. 2
SE IEEE International Workshop on Intelligent Data Acquisition and Advanced
   Computing Systems-Technology and Applications-IDAACS
BP 633
EP 638
PD 2019
PY 2019
CT 10th IEEE International Conference on Intelligent Data Acquisition and
   Advanced Computing Systems - Technology and Applications (IDAACS)
CY SEP 18-21, 2019
CL Metz, FRANCE
SP IEEE; IEEE Ukraine Sect I & M CI Joint Soc Chapter; Ternopil Natl Econ
   Univ, Res Inst Intelligent Comp Syst; Natl Acad Sci Ukraine, V M
   Glushkov Inst Cybernet; Ecole Natl Ing Metz; Univ Lorraine, Lab Concept
   Optimisat & Modelling Syst; IEEE Ukraine Sect; IEEE France Sect; MDPI
   Sensors; River Publishers; Fondat ENIM
RI Bagrov, Vladimir/AAQ-8118-2020
ZB 0
Z8 0
ZR 0
ZA 0
ZS 0
TC 0
Z9 0
BN 978-1-7281-4068-1
UT WOS:000535131000012
ER

PT J
AU Kuz'mina, E. V.
   Ol'chev, A. V.
   Rozinkina, I. A.
   Rivin, G. S.
   Nikitin, M. A.
TI Application of the COSMO-CLM Mesoscale Model to Assess the Effects of
   Forest Cover Changes on Regional Weather Conditions in the European Part
   of Russia
SO RUSSIAN METEOROLOGY AND HYDROLOGY
VL 42
IS 9
BP 574
EP 581
DI 10.3103/S1068373917090047
PD SEP 2017
PY 2017
RI Olchev, Alexander/A-5079-2016; Rivin, Gdaliy/AAN-3930-2020
OI Olchev, Alexander/0000-0002-6144-5826; 
Z8 0
ZB 1
ZR 1
ZS 0
ZA 0
TC 3
Z9 4
SN 1068-3739
EI 1934-8096
UT WOS:000412892400004
ER

PT J
AU Retulainen, E
   Merisalo, N
   Lehtinen, J
   Paulapuro, H
TI Effect of Condebelt press drying on sheet structure and properties
SO PULP & PAPER-CANADA
VL 99
IS 1
BP 53
EP +
PD JAN 1998
PY 1998
CT 83rd Annual Meeting of the Technical-Section of the
   Canadian-Pulp-and-Paper-Association
CY JAN 28-31, 1997
CL MONTREAL, CANADA
SP Canadian Pulp & Paper Assoc, Tech Sect
OI Retulainen, Elias/0000-0003-4722-9710
ZA 0
ZB 0
Z8 0
TC 6
ZR 0
ZS 0
Z9 6
SN 0316-4004
UT WOS:000071755900008
ER

PT J
AU Li Zhao
   Chen Jianbo
   Yu Haizhao
   Cui Lingchuang
TI The development and experimental performance evaluation on a novel
   household variable refrigerant flow based temperature humidity
   independently controlled radiant air conditioning system
SO APPLIED THERMAL ENGINEERING
VL 122
BP 245
EP 252
DI 10.1016/j.applthermaleng.2017.04.056
PD JUL 25 2017
PY 2017
Z8 1
TC 9
ZR 0
ZB 1
ZA 0
ZS 0
Z9 10
SN 1359-4311
UT WOS:000403855200023
ER

PT J
AU Kladaric, Ivica
   Kozak, Drazan
   Krumes, Dragomir
TI The Effect of Aging Parameters on Properties of Maraging Steel
SO MATERIALS AND MANUFACTURING PROCESSES
VL 24
IS 7-8
BP 747
EP 749
AR PII 911659297
DI 10.1080/10426910902809750
PD 2009
PY 2009
RI Kozak, Drazan/AAG-5800-2019
ZB 0
ZA 0
ZR 0
ZS 0
Z8 0
TC 3
Z9 3
SN 1042-6914
EI 1532-2475
UT WOS:000274699300009
ER

PT J
AU Barranco-Garcia, Rosa
   Lopez-Majada, Juan M.
   Martinez, Juan C.
   Gomez-Evira, Jose M.
   Perez, Ernesto
   Cerrada, Maria L.
TI Confinement of iPP crystallites within mesoporous SBA-15 channels in
   extruded iPP-SBA-15 nanocomposites studied by Small Angle X-ray
   scattering
SO MICROPOROUS AND MESOPOROUS MATERIALS
VL 272
BP 209
EP 216
DI 10.1016/j.micromeso.2018.06.032
PD DEC 2018
PY 2018
RI CERRADA, MARIA/E-9810-2016; Perez, Ernesto/G-3254-2016
OI CERRADA, MARIA/0000-0003-4261-0627; Perez, Ernesto/0000-0002-5144-9268
Z8 0
ZS 0
ZB 1
ZA 0
TC 6
ZR 0
Z9 6
SN 1387-1811
EI 1873-3093
UT WOS:000445309600025
ER

PT J
AU Bokhorst, Stef
   Huiskes, Ad
   Aerts, Rien
   Convey, Peter
   Cooper, Elisabeth J.
   Dalen, Linda
   Erschbamer, Brigitta
   Gudmundsson, Jon
   Hofgaard, Annika
   Hollister, Robert D.
   Johnstone, Jill
   Jonsdottir, Ingibjorg S.
   Lebouvier, Marc
   Van De Vijver, Bart
   Wahren, Carl-Henrik
   Dorrepaal, Ellen
TI Variable temperature effects of Open Top Chambers at polar and alpine
   sites explained by irradiance and snow depth
SO GLOBAL CHANGE BIOLOGY
VL 19
IS 1
BP 64
EP 74
DI 10.1111/gcb.12028
PD JAN 2013
PY 2013
RI Johnstone, Jill F./C-9204-2009; Bokhorst, Stef/D-1858-2009; Convey, Peter/AAV-5728-2020; Bokhorst, Stef/; Aerts, Rien/; Gudmundsson, Jon/; Hollister, Robert/; Jonsdottir, Ingibjorg Svala/
OI Johnstone, Jill F./0000-0001-6131-9339; Convey,
   Peter/0000-0001-8497-9903; Bokhorst, Stef/0000-0003-0184-1162; Aerts,
   Rien/0000-0001-6694-0669; Gudmundsson, Jon/0000-0002-1703-8916;
   Hollister, Robert/0000-0002-4764-7691; Jonsdottir, Ingibjorg
   Svala/0000-0003-3804-7077
TC 78
ZB 72
ZA 0
ZS 1
Z8 1
ZR 1
Z9 80
SN 1354-1013
EI 1365-2486
UT WOS:000312155100006
PM 23504721
ER

PT J
AU Zhu, Jiahui
   Qiu, Ming
   Wei, Bin
   Zhang, Hongjie
   Lai, Xiaokang
   Yuan, Weijia
TI Design, dynamic simulation and construction of a hybrid HTS SMES
   (high-temperature superconducting magnetic energy storage systems) for
   Chinese power grid
SO ENERGY
VL 51
BP 184
EP 192
DI 10.1016/j.energy.2012.09.044
PD MAR 1 2013
PY 2013
OI Yuan, Weijia/0000-0002-7953-4704
ZB 0
TC 30
ZA 0
ZR 0
Z8 0
ZS 0
Z9 30
SN 0360-5442
EI 1873-6785
UT WOS:000317170000018
ER

PT J
AU Hossain, Md Lokman
   Beierkuhnlein, Carl
TI Enhanced aboveground biomass by increased precipitation in a central
   European grassland
SO ECOLOGICAL PROCESSES
VL 7
AR 37
DI 10.1186/s13717-018-0149-1
PD DEC 12 2018
PY 2018
OI Hossain, Md. Lokman/0000-0002-6103-4226
Z8 0
ZR 0
ZB 1
ZS 0
TC 2
ZA 0
Z9 2
EI 2192-1709
UT WOS:000452855200001
ER

PT J
AU Auer, Sonya K.
   Martin, Thomas E.
TI Parental care mitigates carry-over effects of poor early conditions on
   offspring growth
SO BEHAVIORAL ECOLOGY
VL 28
IS 4
BP 1176
EP 1182
DI 10.1093/beheco/arx082
PD JUL-AUG 2017
PY 2017
RI Martin, Thomas E/F-6016-2011
OI Martin, Thomas E/0000-0002-4028-4867
Z8 0
TC 7
ZR 0
ZA 0
ZB 6
ZS 0
Z9 7
SN 1045-2249
EI 1465-7279
UT WOS:000407590000026
ER

PT J
AU Maricau, Elie
   Gielen, Georges
TI Computer-Aided Analog Circuit Design for Reliability in Nanometer CMOS
SO IEEE JOURNAL ON EMERGING AND SELECTED TOPICS IN CIRCUITS AND SYSTEMS
VL 1
IS 1
BP 50
EP 58
DI 10.1109/JETCAS.2011.2135470
PD MAR 2011
PY 2011
RI Gielen, Georges GE/A-6725-2018
OI Gielen, Georges GE/0000-0002-4061-9428
ZS 0
Z8 1
TC 49
ZA 0
ZB 0
ZR 0
Z9 50
SN 2156-3357
UT WOS:000208972300007
ER

PT J
AU Hazael, Rachael
   Foglia, Fabrizia
   Kardzhaliyska, Liya
   Daniel, Isabelle
   Meersman, Filip
   McMillan, Paul
TI Laboratory investigation of high pressure survival in Shewanella
   oneidensis MR-1 into the gigapascal pressure range
SO FRONTIERS IN MICROBIOLOGY
VL 5
AR 612
DI 10.3389/fmicb.2014.00612
PD NOV 17 2014
PY 2014
RI Daniel, Isabelle/D-2677-2012; McMillan, Paul/AAI-9067-2020; Foglia, Fabrizia/; Hazael, Rachael/
OI Daniel, Isabelle/0000-0002-1448-7919; Foglia,
   Fabrizia/0000-0002-2847-3489; Hazael, Rachael/0000-0001-6038-7700
ZA 0
ZS 0
ZR 0
TC 7
Z8 0
ZB 4
Z9 8
SN 1664-302X
UT WOS:000345699800001
PM 25452750
ER

PT J
AU Weijers, Stef
   Alsos, Inger Greve
   Eidesen, Pernille Bronken
   Broekman, Rob
   Loonen, Maarten J. J. E.
   Rozema, Jelte
TI No divergence in Cassiope tetragona: persistence of growth response
   along a latitudinal temperature gradient and under multi-year
   experimental warming
SO ANNALS OF BOTANY
VL 110
IS 3
BP 653
EP 665
DI 10.1093/aob/mcs123
PD AUG 2012
PY 2012
RI Alsos, Inger G/A-9507-2016; Alsos, Inger Greve/O-8154-2019; Weijers, Stef/T-8944-2019; Loonen, Maarten J.J.E./; Broekman, Rob/
OI Alsos, Inger G/0000-0002-8610-1085; Alsos, Inger
   Greve/0000-0002-8610-1085; Weijers, Stef/0000-0003-3386-5417; Loonen,
   Maarten J.J.E./0000-0002-3426-4595; Broekman, Rob/0000-0001-9430-3245
TC 36
ZR 1
ZA 0
ZB 24
ZS 0
Z8 1
Z9 38
SN 0305-7364
UT WOS:000306612000010
PM 22700943
ER

PT J
AU Kim, Hee Reyoung
   Kwak, Jae Sik
TI MHD design analysis of an annular linear induction electromagnetic pump
   for SFR thermal hydraulic experimental loop
SO ANNALS OF NUCLEAR ENERGY
VL 92
BP 127
EP 135
DI 10.1016/j.anucene.2016.01.035
PD JUN 2016
PY 2016
TC 5
ZA 0
ZS 0
ZB 0
ZR 0
Z8 0
Z9 5
SN 0306-4549
UT WOS:000373655600014
ER

PT J
AU Cardone, D.
   Gesualdi, G.
TI Design, testing and implementation of a Cu-SMA-based device for
   improving the thermal behavior of steel tie-rods
SO ENGINEERING STRUCTURES
VL 65
BP 42
EP 51
DI 10.1016/j.engstruct.2014.01.053
PD APR 15 2014
PY 2014
RI Cardone, Donatello/AAG-8218-2020
TC 2
ZR 0
Z8 0
ZA 0
ZB 0
ZS 0
Z9 2
SN 0141-0296
EI 1873-7323
UT WOS:000335486200005
ER

PT J
AU Moehmel, S.
   Steinfeldt, N.
   Engelschalt, S.
   Holena, M.
   Kolf, S.
   Baerns, A.
   Dingerdissen, U.
   Wolf, D.
   Weber, R.
   Bewersdorf, M.
TI New catalytic materials for the high-temperature synthesis of
   hydrocyanic acid from methane and ammonia by high-throughput approach
SO APPLIED CATALYSIS A-GENERAL
VL 334
IS 1-2
BP 73
EP 83
DI 10.1016/j.apcata.2007.09.035
PD JAN 2008
PY 2008
RI Holena, Martin/C-4958-2014
ZR 0
ZS 0
ZB 0
ZA 0
Z8 3
TC 26
Z9 29
SN 0926-860X
UT WOS:000252564800010
ER

PT J
AU Hegde, Vinay Narayan
   Hosur, Viraj Shrikanth
   Rathod, Samyukthkumar K.
   Harsoor, Puneet A.
   Narayana, K. Badari
TI Design, fabrication and performance evaluation of solar dryer for banana
SO ENERGY SUSTAINABILITY AND SOCIETY
VL 5
IS 1
AR 23
DI 10.1186/s13705-015-0052-x
PD DEC 2015
PY 2015
ZB 1
ZA 0
ZS 0
Z8 0
ZR 0
TC 16
Z9 16
SN 2192-0567
UT WOS:000366503600023
ER

PT J
AU Chen, Huanqing
TI Influences of heavy oil thermal recovery on reservoir properties and
   countermeasures of Yulou oil bearing sets in Liaohe Basin in China
SO ARABIAN JOURNAL OF GEOSCIENCES
VL 12
IS 11
AR 363
DI 10.1007/s12517-019-4515-9
PD JUN 2019
PY 2019
ZR 0
ZA 0
ZS 0
Z8 0
TC 0
ZB 0
Z9 0
SN 1866-7511
EI 1866-7538
UT WOS:000469445100005
ER

PT J
AU Kwak, Jaesik
   Kim, Hee Reyoung
TI Design and preliminary test of an annular linear induction
   electromagnetic pump for a sodium-cooled fast reactor thermal hydraulic
   experiment
SO JOURNAL OF NUCLEAR SCIENCE AND TECHNOLOGY
VL 54
IS 12
BP 1292
EP 1299
DI 10.1080/00223131.2017.1365020
PD 2017
PY 2017
ZS 0
ZA 0
TC 2
ZB 0
ZR 0
Z8 0
Z9 2
SN 0022-3131
EI 1881-1248
UT WOS:000414100400002
ER

PT J
AU Jimenez, L
   Maestre, F
   DeLaTorre, M
   Perez, I
TI Organosolv pulping of wheat straw by use of methano-water mixtures
SO TAPPI JOURNAL
VL 80
IS 12
BP 148
EP 154
PD DEC 1997
PY 1997
RI de la Torre Molina, Maria Jesus/AAA-9121-2019
OI de la Torre Molina, Maria Jesus/0000-0002-5867-2024
ZR 0
ZS 0
ZA 0
ZB 16
TC 47
Z8 0
Z9 47
SN 0734-1415
UT WOS:A1997YL40400017
ER

PT J
AU Schnabl, Petr
   Novak, Jiri K.
   Cajz, Vladimir
   Lang, Milos
   Balogh, Kadosa
   Pecskay, Zoltan
   Chadima, Martin
   Slechta, Stanislav
   Kohout, Tomas
   Pruner, Petr
   Ulrych, Jaromir
TI Magnetic properties of high-Ti basaltic rocks from the Krun,
   hory/Erzgebirge MTS. (Bohemia/Saxony), and their relation to mineral
   chemistry
SO STUDIA GEOPHYSICA ET GEODAETICA
VL 54
IS 1
BP 77
EP 94
DI 10.1007/s11200-010-0004-z
PD JAN 2010
PY 2010
RI Schnabl, Petr/I-7125-2012; Ulrych, Jaromir/I-8798-2014; Chadima, Martin/I-8771-2014; Kohout, Tomas/C-1394-2008; Cajz, Vladimir/H-6365-2014; Pruner, Petr/I-8786-2014; Lang, Milos/I-8775-2014; Cajz, Vladimir/; Pruner, Petr/
OI Schnabl, Petr/0000-0003-0654-0449; Kohout, Tomas/0000-0003-4458-3650;
   Cajz, Vladimir/0000-0003-1951-7264; Pruner, Petr/0000-0002-7222-1561
ZA 0
Z8 0
TC 5
ZS 0
ZR 0
ZB 1
Z9 5
SN 0039-3169
UT WOS:000275695600004
ER

PT J
AU Leathwick, JR
   Austin, MP
TI Competitive interactions between tree species in New Zealand's
   old-growth indigenous forests
SO ECOLOGY
VL 82
IS 9
BP 2560
EP 2573
DI 10.1890/0012-9658(2001)082[2560:CIBTSI]2.0.CO;2
PD SEP 2001
PY 2001
RI Austin, Mike/G-2199-2010
TC 166
ZS 2
ZA 0
ZR 0
Z8 4
ZB 149
Z9 173
SN 0012-9658
EI 1939-9170
UT WOS:000171049100015
ER

PT J
AU Kakou-Yao, R
   Pizzala, H
   Pietri, N
   Aycard, JP
TI Solid-state conformational heterogeneity of the
   2,2,5,5-tetramethyl-3,4-hexandione monohydrazone: X-ray diffraction and
   MAS NMR experiments
SO JOURNAL OF CHEMICAL CRYSTALLOGRAPHY
VL 30
IS 9
BP 593
EP 598
DI 10.1023/A:1011310411157
PD SEP 2000
PY 2000
RI Pizzala, Helene/C-3925-2015
ZA 0
TC 2
ZS 0
ZR 0
ZB 0
Z8 0
Z9 2
SN 1074-1542
UT WOS:000170671600006
ER

PT J
AU Srivastav, Meeta
   Ehteshamuddin, Mohammed
   Stegner, Kyle
   Nazhandali, Leyla
TI Design of Ultra-Low Power Scalable-Throughput Many-Core DSP Applications
SO ACM TRANSACTIONS ON DESIGN AUTOMATION OF ELECTRONIC SYSTEMS
VL 20
IS 3
AR 34
DI 10.1145/2720018
PD JUN 2015
PY 2015
ZS 0
ZA 0
Z8 0
ZR 0
TC 1
ZB 0
Z9 1
SN 1084-4309
EI 1557-7309
UT WOS:000357174900001
ER

PT J
AU Tracy, CR
TI Differences in body size among chuckwalla (Sauromalus obesus)
   populations
SO ECOLOGY
VL 80
IS 1
BP 259
EP 271
DI 10.1890/0012-9658(1999)080[0259:DIBSAC]2.0.CO;2
PD JAN 1999
PY 1999
RI Tracy, Christopher/E-5619-2011
ZB 44
Z8 0
ZA 0
ZS 1
ZR 0
TC 47
Z9 48
SN 0012-9658
EI 1939-9170
UT WOS:000078045600020
ER

PT J
AU Zhong, Z. W.
   Arulvanan, P.
   Goh, C. K.
TI Effects of key process conditions on warpage and via protrusion of LTCC
   substrate
SO MATERIALS AND MANUFACTURING PROCESSES
VL 23
IS 2
BP 183
EP 188
DI 10.1080/10426910701774726
PD 2008
PY 2008
RI Zhong, Z.W./A-3813-2011
OI Zhong, Z.W./0000-0002-0762-3580
Z8 0
ZS 0
ZB 0
TC 4
ZA 0
ZR 0
Z9 4
SN 1042-6914
UT WOS:000252351900011
ER

PT J
AU Cody, George D.
   Johri, Jayati
   Goldfarb, David
TI Dependence of particle fluctuation velocity on gas flow, and particle
   diameter in gas fluidized beds for monodispersed spheres in the Geldart
   B and A fluidization regimes
SO POWDER TECHNOLOGY
VL 182
IS 2
BP 146
EP 170
DI 10.1016/j.powtec.2007.06.013
PD FEB 22 2008
PY 2008
TC 18
ZR 0
ZA 0
Z8 2
ZS 0
ZB 1
Z9 20
SN 0032-5910
UT WOS:000253798000004
ER

PT J
AU Charoenchaitrakool, Manop
   Trisilanun, Wuttichai
   Srinopakhun, Penjit
TI Application of gas anti-solvent process to the recovery of
   andrographolide from Andrographis paniculatanees
SO KOREAN JOURNAL OF CHEMICAL ENGINEERING
VL 27
IS 3
BP 950
EP 954
DI 10.1007/s11814-010-0128-4
PD MAY 2010
PY 2010
TC 10
ZA 0
Z8 0
ZS 0
ZB 0
ZR 0
Z9 10
SN 0256-1115
EI 1975-7220
UT WOS:000277415300036
ER

PT J
AU Zhong, Z. W.
   Arulvanan, P.
   Goh, C. K.
TI Effects of four key process variables on size shrinkages of low
   temperature co-fired ceramic substrates
SO MATERIALS AND MANUFACTURING PROCESSES
VL 23
IS 1
BP 21
EP 28
DI 10.1080/10426910701524394
PD 2008
PY 2008
RI Zhong, Z.W./A-3813-2011
OI Zhong, Z.W./0000-0002-0762-3580
ZS 0
ZA 0
TC 1
ZR 0
ZB 0
Z8 0
Z9 1
SN 1042-6914
UT WOS:000252351800005
ER

PT J
AU Hsieh, Yao-Ching
   Chiu, Yu-Chun
   Wu, Wei-Ting
   Huang, You-Chun
TI Battery model based on cubic over-potential differential equation
SO IET POWER ELECTRONICS
VL 12
IS 12
BP 3085
EP 3092
DI 10.1049/iet-pel.2018.5683
PD OCT 16 2019
PY 2019
ZS 0
ZB 0
ZR 0
TC 0
ZA 0
Z8 0
Z9 0
SN 1755-4535
EI 1755-4543
UT WOS:000489630900008
ER

PT J
AU Sannita, Walter G.
TI Individual variability, end-point effects and possible biases in
   electrophysiological research
SO CLINICAL NEUROPHYSIOLOGY
VL 117
IS 12
BP 2569
EP 2583
DI 10.1016/j.clinph.2006.04.026
PD DEC 2006
PY 2006
TC 28
ZR 0
ZB 16
ZS 0
ZA 0
Z8 0
Z9 29
SN 1388-2457
EI 1872-8952
UT WOS:000243020100001
PM 16949340
ER

PT J
AU Rao, Bo
   Zhao, Ying
   Yang, Yong
   Gao, Jun
   Zhang, Zhengqing
   Zhou, Song
   Zhang, Ming
   Chen, Zhipeng
TI Reduction of leakage inductance and AC resistance of planar transformers
   by optimising the current distribution
SO IET POWER ELECTRONICS
VL 11
IS 3
BP 501
EP 506
DI 10.1049/iet-pel.2017.0362
PD MAR 20 2018
PY 2018
Z8 0
TC 1
ZR 0
ZS 0
ZB 0
ZA 0
Z9 1
SN 1755-4535
EI 1755-4543
UT WOS:000426546400011
ER

EF